<record><leader>00000cas a22000007a 4500</leader><controlfield tag="001">13060038</controlfield><controlfield tag="008">860124d18921898wvuwr ne      0    0eng d</controlfield><datafield ind1=" " ind2=" " tag="010"><subfield code="a">sn 86092127 </subfield></datafield><datafield ind1=" " ind2=" " tag="040"><subfield code="a">WVC</subfield><subfield code="b">eng</subfield><subfield code="c">WVC</subfield><subfield code="d">OCL</subfield><subfield code="d">OCLCQ</subfield></datafield><datafield ind1=" " ind2=" " tag="042"><subfield code="a">msc</subfield></datafield><datafield ind1="0" ind2=" " tag="130"><subfield code="a">Charleston weekly mail (Charleston, W. Va. : 1892)</subfield></datafield><datafield ind1="1" ind2="4" tag="245"><subfield code="a">The Charleston weekly mail.</subfield></datafield><datafield ind1=" " ind2=" " tag="260"><subfield code="a">Charleston, W. Va. :</subfield><subfield code="b">John W. Jarrett &amp; John B. Floyd</subfield></datafield><datafield ind1=" " ind2=" " tag="300"><subfield code="a">v.</subfield></datafield><datafield ind1=" " ind2=" " tag="310"><subfield code="a">Weekly</subfield></datafield><datafield ind1="1" ind2=" " tag="362"><subfield code="a">Began in 1892?</subfield></datafield><datafield ind1=" " ind2=" " tag="500"><subfield code="a">"Republican."</subfield></datafield><datafield ind1=" " ind2=" " tag="500"><subfield code="a">Editor: J.B. Floyd.</subfield></datafield><datafield ind1=" " ind2=" " tag="580"><subfield code="a">Issued also in dailies entitled: Charleston evening mail (1893-1896), and: Charleston daily mail (Charleston, W. Va. : 1896).</subfield></datafield><datafield ind1=" " ind2=" " tag="588"><subfield code="a">Description based on: Vol. 3, no. 50 (July 11, 1894).</subfield></datafield><datafield ind1=" " ind2=" " tag="752"><subfield code="a">United States</subfield><subfield code="b">West Virginia</subfield><subfield code="c">Kanawha</subfield><subfield code="d">Charleston.</subfield></datafield><datafield ind1="1" ind2=" " tag="775"><subfield code="t">Charleston evening mail</subfield><subfield code="w">(DLC)sn 86092140</subfield></datafield><datafield ind1="1" ind2=" " tag="775"><subfield code="t">Charleston daily mail (Charleston, W. Va. : 1896)</subfield><subfield code="w">(DLC)sn 86092141</subfield></datafield><datafield ind1="0" ind2="7" tag="785"><subfield code="t">Weekly star-tribune</subfield><subfield code="w">(DLC)sn 86092134</subfield></datafield><datafield ind1="0" ind2="7" tag="785"><subfield code="t">Weekly mail tribune</subfield><subfield code="w">(DLC)sn 86092128</subfield></datafield></record>